<?xml version="1.0" encoding="UTF-8"?><collection xmlns="http://www.loc.gov/MARC21/slim"><record><leader>00360nam--2200121-i-4500</leader><controlfield tag="001">000025821</controlfield><controlfield tag="002">20161230</controlfield><controlfield tag="005">20161230201036</controlfield><controlfield tag="008">060222s1000------------r-----000-0-eng-d</controlfield><datafield ind1=" " ind2=" " tag="080"><subfield code="a">961.62(449.49):001.891:539.16.04</subfield></datafield><datafield ind1=" " ind2=" " tag="245"><subfield code="a">International laboratory of marine radioactivity, monaco. biennal report 1987-1988</subfield></datafield><datafield ind1=" " ind2=" " tag="260"><subfield code="a">Vienna, Iaea, 1989, 40 P</subfield></datafield><datafield ind1=" " ind2=" " tag="852"><subfield code="a">79239</subfield></datafield></record></collection>